% Encoding: UTF-8
%%%%%%%%%%%%%%%%%%%%%%%%%%%%%%%%%%%%%%%%%%%%%%%%%%%%%%%%%%%%%%%%%%%%%%%%%%%%%%%%%%%%%
@InProceedings{krizhevsky2012imagenet,
  author    = {Krizhevsky, Alex and Sutskever, Ilya and Hinton, Geoffrey E},
  booktitle = {Advances in Neural Information Processing Systems},
  title     = {Imagenet classification with deep convolutional neural networks},
  year      = {2012},
  pages     = {1097--1105},
}

@InProceedings{deng2009imagenet,
  author       = {Deng, Jia and Dong, Wei and Socher, Richard and Li, Li-Jia and Li, Kai and Fei-Fei, Li},
  booktitle    = {Proceedings of the IEEE Conference on Computer Vision and Pattern Recognition},
  title        = {Imagenet: A large-scale hierarchical image database},
  year         = {2009},
  organization = {Ieee},
  pages        = {248--255},
}

%%%%%%%%%%%%%%%%%%%%%%%%%%%%%%%%%%%%%%%%%%%%%%%%%%%%%%%%%%%%%%%%%%%%%%%%%%%%%%%%%%%%%

